
@book{Scholl2019,
  title = {Cloud Native: Using Containers, Functions, and Data to Build Next-Generation Applications},
  publisher = {Oâ€™Reilly},
  year = {2019},
  author = {Boris Scholl, Trent Swanson and Peter Jausovec},
  isbn = {978-1-492-07803-6},
  owner = {Sarah},
  price = {$44,85},
  timestamp = {2020.15.05},
  totalpages = {213},
  url = {https://www.amazon.com/Cloud-Native-Containers-Next-Generation-Applications/dp/1492053821}
}

@book{Tanenbaum2014,
  title = {Rechnerarchitektur: Von der digitalen Logik zum Parallelrechner},
  publisher = {Pearson Deutschland},
  year = {2019},
  author = {Andrew S. Tanenbaum and Todd Austin},
  isbn = {978-3-86894-238-5},
  owner = {Sarah},
  price = {$81,28},
  timestamp = {2014.03.01},
  totalpages = {799},
  url = {https://www.amazon.com/Rechnerarchitektur/dp/3868942386}
}

@misc{Block2019,
  author = {Benjamin Block},
  institution = {IBM Deutschland Research \& Development GmbH},
  howpublished = {\textsc{url:}~\url{https://chemnitzer.linux-tage.de/2019/media/programm/folien/173.pdf}},
  month = {3},
  year = {2019},
  title = {Modern Mainframes & Linux Running on Them}
}